% This file was created with Citavi 5.5.0.1

@misc{Almiray.2017,
 author = {Almiray, Andres},
 editor = {https://www.infoq.com},
 year = {2017},
 title = {Testing RxJava2},
 url = {https://www.infoq.com/articles/Testing-RxJava2},
 address = {https://www.infoq.com}
}


@article{Bainomugisha.2013,
 author = {Bainomugisha, Engineer, Carreton, Andoni Lombide, {van Cutsem}, Tom, Mostinckx, Stijn, Meuter, Wolfgang de},
 year = {2013},
 title = {A survey on reactive programming},
 pages = {1--34},
 volume = {45},
 number = {4},
 issn = {03600300},
 journal = {ACM Computing Surveys},
 doi = {10.1145/2501654.2501666}
}


@article{Boner.2014,
 author = {Bon{\'e}r, Jonas, Farley, Dave, Kuhn, Roland, Thompson, Martin},
 year = {2014},
 title = {the-reactive-manifesto-2.0-de}
}


@article{Boner.,
 author = {Bon{\'e}r, Jonas, Klang, Viktor},
 title = {Reactive Programming versus Reactive Systems},
 url = {https://info.lightbend.com/reactive-programming-versus-reactive-systems.html}
}


@article{Ghadir.2013,
 author = {Ghadir, Phillip},
 year = {2013},
 title = {Reactive Extension in Java},
 url = {https://www.sigs-datacom.de/uploads/tx_dmjournals/ghadir_JS_05_13_kdje.pdf},
 urldate = {03.05.2017},
 pages = {61--64},
 number = {5/2013},
 journal = {JavaSPEKTRUM}
}


@article{Grazi.2017,
 author = {Grazi, Victor, Almiray, Andres, Basle, Simon, Marasoiu, Nicolae, Eisele, Markus},
 year = {2017},
 title = {The-InfoQ-eMag-Reactive-Programming-in-Java-final},
 url = {https://www.infoq.com/minibooks/emag-reactive-programming-java},
 number = {Issue 48},
 journal = {InfoQ eMag}
}


@misc{Karnok.2016,
 author = {Karnok, D{\'a}vid},
 year = {2016},
 title = {Operator-fusion (Part 1)},
 url = {https://akarnokd.blogspot.de/2016/03/operator-fusion-part-1.html},
 address = {https://akarnokd.blogspot.de/},
 series = {Advanced Reactive Java}
}


@misc{Lew.2014,
 author = {Lew, Dan},
 year = {2014},
 title = {Grokking RxJava, Part 2: Operator, Operator},
 url = {http://blog.danlew.net/2014/09/22/grokking-rxjava-part-2/},
 address = {http://blog.danlew.net},
 series = {http://blog.danlew.net/tag/rxjava/}
}


@misc{Lohmuller.2016,
 author = {Lohm{\"u}ller, Jan Carsten},
 year = {2016},
 title = {Reactive Programming -- Mehr als nur Streams und Lambdas},
 url = {https://www.informatik-aktuell.de/entwicklung/programmiersprachen/reactive-programming-mehr-als-nur-streams-und-lambdas.html},
 address = {www.informatik-aktuell.de}
}


@book{Malawski.2017,
 author = {Malawski, Konrad},
 year = {2017},
 title = {Why Reactive? Foundational Principles for Enterprise Adoption},
 address = {1005 Gravenstein Highway North, Sebastopol, CA},
 publisher = {{O'Reilly Media, Inc.}},
 isbn = {978-1-491-96157-5}
}


@misc{Mauky.2015,
 author = {Mauky, Manuel},
 editor = {https://jaxenter.de},
 year = {2015},
 title = {Einfach und effizient: Reactive Programming mit JavaFX},
 url = {https://jaxenter.de/einfach-und-effizient-reactive-programming-mit-javafx-28498},
 address = {https://jaxenter.de}
}


@misc{Nield.2017,
 author = {Nield, Thomas},
 year = {2017},
 title = {Learning RxJava with JavaFX: With RxJavaFX and RxKotlinFX},
 url = {https://www.gitbook.com/book/thomasnield/rxjavafx-guide/details},
 address = {https://www.gitbook.com},
 urldate = {03.05.2017}
}


@book{Nurkiewicz.2017,
 author = {Nurkiewicz, Tomasz, Christensen, Ben},
 year = {2017},
 title = {Reactive programming with RxJava: Creating asynchronous, event-based applications},
 address = {Sebastopol, CA},
 publisher = {O'Reilly},
 isbn = {9781491931653}
}


@article{Schurmann.2014,
 author = {Sch{\"u}rmann, Tim},
 year = {2014},
 title = {Reactive Programming: Reaktionsfreudig},
 url = {http://www.linux-magazin.de/Ausgaben/2014/06/Reactive-Programming},
 number = {06/2014},
 journal = {Linux Magazin}
}


@misc{Vogel.2017,
 author = {Vogel, Lars, Scholz, Simon},
 editor = {http://www.vogella.com},
 year = {2017},
 title = {RxJava 2.0 - Tutorial},
 url = {http://www.vogella.com/tutorials/RxJava/article.html},
 address = {http://www.vogella.com},
 urldate = {03.05.2017},
 edition = {0.4}
}


